<record><leader>00000cas a2200000 a 4500</leader><controlfield tag="001">13684628</controlfield><controlfield tag="008">860604d18561859vaudr ne      0    0eng  </controlfield><datafield ind1=" " ind2=" " tag="010"><subfield code="a">sn 86071565 </subfield></datafield><datafield ind1=" " ind2=" " tag="040"><subfield code="a">DLC</subfield><subfield code="b">eng</subfield><subfield code="c">DLC</subfield><subfield code="d">NVK</subfield><subfield code="d">OCL</subfield><subfield code="d">OCLCQ</subfield><subfield code="d">CUI</subfield><subfield code="d">DLC</subfield><subfield code="d">OCLCQ</subfield><subfield code="d">OCLCF</subfield></datafield><datafield ind1="1" ind2=" " tag="029"><subfield code="a">AU@</subfield><subfield code="b">000020236395</subfield></datafield><datafield ind1=" " ind2=" " tag="042"><subfield code="a">pcc</subfield></datafield><datafield ind1=" " ind2=" " tag="043"><subfield code="a">n-us-va</subfield></datafield><datafield ind1="0" ind2="0" tag="050"><subfield code="a">Newspaper</subfield></datafield><datafield ind1=" " ind2="4" tag="050"><subfield code="a">AN</subfield></datafield><datafield ind1="0" ind2=" " tag="130"><subfield code="a">Evening sentinel (Alexandria, Va.)</subfield></datafield><datafield ind1="1" ind2="0" tag="245"><subfield code="a">Evening sentinel.</subfield></datafield><datafield ind1="1" ind2="3" tag="246"><subfield code="a">Virginia sentinel</subfield></datafield><datafield ind1=" " ind2=" " tag="260"><subfield code="a">Alexandria, Va. :</subfield><subfield code="b">R.M. Smith and J.W. Finks,</subfield><subfield code="c">-1859.</subfield></datafield><datafield ind1=" " ind2=" " tag="300"><subfield code="a">v. ;</subfield><subfield code="c">60 cm.</subfield></datafield><datafield ind1=" " ind2=" " tag="310"><subfield code="a">Daily</subfield></datafield><datafield ind1="0" ind2=" " tag="362"><subfield code="a">-v. 4, no. 207 (Oct. 31, 1859).</subfield></datafield><datafield ind1="1" ind2=" " tag="362"><subfield code="a">Began with Mar. 1, 1856 issue.</subfield><subfield code="z">Cf. NIM, 1948-1983.</subfield></datafield><datafield ind1=" " ind2=" " tag="580"><subfield code="a">Also published in a triweekly ed. called: Virginia sentinel.</subfield></datafield><datafield ind1=" " ind2=" " tag="588"><subfield code="a">Description based on: Vol. 2, no. 176 (Sept. 23, 1857).</subfield></datafield><datafield ind1=" " ind2="0" tag="651"><subfield code="a">Alexandria (Va.)</subfield><subfield code="v">Newspapers.</subfield></datafield><datafield ind1=" " ind2="7" tag="655"><subfield code="a">Newspapers.</subfield><subfield code="2">fast</subfield><subfield code="0">(OCoLC)fst01423814</subfield></datafield><datafield ind1=" " ind2="7" tag="651"><subfield code="a">Virginia</subfield><subfield code="z">Alexandria.</subfield><subfield code="2">fast</subfield><subfield code="0">(OCoLC)fst01206236</subfield></datafield><datafield ind1=" " ind2=" " tag="752"><subfield code="a">United States</subfield><subfield code="b">Virginia</subfield><subfield code="d">Alexandria.</subfield></datafield><datafield ind1="1" ind2=" " tag="775"><subfield code="t">Virginia sentinel (Alexandria, Va. : 1853)</subfield><subfield code="w">(DLC)sn 84024512</subfield><subfield code="w">(OCoLC)10859120</subfield></datafield><datafield ind1="0" ind2="0" tag="785"><subfield code="t">Evening Virginia sentinel</subfield><subfield code="w">(DLC)sn 84024511</subfield><subfield code="w">(OCoLC)10858951</subfield></datafield></record>